4460 5880
1222 232 1283 374 '4

645 587 1216 727 nucumnmrcoavu'.
1714 671 1798 769 135¹

177 856 230 946 'qa
250 843 336 922 Hoc
361 845 400 920 in
422 840 696 924 ubertoonnes
721 847 957 946 continentur
974 846 1262 938 Paniarehatus‚
1299 841 1663 945 archiepiscopatur,
1701 857 1780 931 Me·
1899 863 1901 870 '

100 953 242 1046 tropoles.
267 967 313 1022 ac
328 941 589 1036 Episcopatus:
624 946 741 1018 totius
756 944 965 1021 Catholicae
992 945 1139 1022 ecclesie
1160 946 1396 1038 omniumque
1413 951 1685 1035 provinciarum
1709 972 1780 1032 tam

105 1049 298 1124 orientalium
324 1061 431 1134 quam
453 1040 730 1136 occidentalium
759 1046 973 1119 nationum:
1013 1045 1128 1118 Cuius
1148 1047 1330 1118 materiam
1356 1051 1483 1138 (quam
1505 1047 1625 1124 breuis
1646 1055 1781 1150 quippe

105 1151 237 1240 udisque
258 1159 297 1218 et
327 1141 467 1214 curialis
487 1139 616 1238 valde)
647 1142 779 1214 merito
805 1145 970 1234 quemuis
995 1145 1176 1219 literatum
1205 1144 1358 1216 maxime
1383 1143 1557 1234 clericum
1577 1147 1664 1224 scire
1691 1177 1779 1228 con·

100 1249 184 1320 venit.
210 1244 263 1316 lbi
286 1255 323 1314 et
340 1238 606 1318 enimomnium
622 1241 819 1314 recitantur
834 1244 981 1316 nomina
1001 1244 1328 1336 patriarchatuum·
1352 1241 1639 1339 posstionemque
1655 1248 1777 1327 secun·

93 1343 160 1416 dum
175 1339 235 1414 sub
252 1337 410 1432 etsupra
431 1337 657 1411 eorundem:
691 1357 795 1431 quam
814 1361 910 1414 uaeas
928 1343 1054 1418 venire
1077 1343 1113 1423 in
1136 1333 1263 1416 manus
1281 1339 1415 1414 nedum
1432 1341 1582 1436 aliquam
1609 1351 1777 1444 requifiui

88 1439 149 1514 imo
166 1459 201 1514 ct
216 1437 499 1532 sernper'optavi
515 1433 656 1518 Idcirco
673 1439 749 1512 aliis
765 1439 870 1510 etiam
887 1441 929 1512 ad
946 1439 1148 1514 instantiam
1163 1438 1303 1535 heroldi
1317 1437 1525 1514 cuiusdam:
1551 1445 1777 1538 imprimendi

87 1538 152 1614 stilo
165 1537 432 1614 communicare
455 1555 534 1608 eam
554 1536 667 1607 volui.
720 1537 762 1608 ln
775 1535 866 1630 line:
904 1537 1074 1614 Vindelice
1088 1537 1235 1632 Augusle
1251 1533 1409 1633 impreffit
1425 1539 1584 1634 magister
1600 1547 1779 1631 Judanner

90 1640 193 1713 uniar
213 1631 510 1810 Azawrffls'm
522 1631 778 1729 quingentefimo
793 1633 917 1731 quinto.
947 1653 999 1722 4.-
1233 1651 1238 1658 ’
1576 1689 1581 1696 -

283 1746 331 1814 l·
368 1749 418 1791 ·⁶·
440 1743 472 1810 p.
494 1739 539 1796 ¹8·
1144 1765 1146 1770 ¹
1235 1802 1238 1813 t

166 1847 221 1922 33.
247 1825 293 1900 ln
315 1824 387 1896 hoc
405 1823 532 1896 libello
555 1819 790 1896 continentur
812 1821 900 1894 diuo
922 1819 1172 1896 Maximiliano
1190 1815 1357 1914 Augusto
1374 1844 1604 1904 ,cuvurnor
1632 1853 1775 1912 catrrs
1871 1823 1874 1832 ⁴

140 1930 211 1998 aaliz
232 1923 359 1998 laudes
384 1937 422 1994 et
438 1919 587 1993 pistoria
608 1919 653 1992 de
667 1921 878 2012 poemanuis
900 1940 966 2012 per
985 1917 1118 2014 septem
1136 1917 1322 1994 Eleuores
1338 1937 1375 1994 et
1391 1921 1539 2020 Regem.
1575 1927 1775 2010 Phoebum,
1795 1971 1801 1996 ν
1914 1908 1920 1923 ¹

106 2025 297 2097 lereurium
319 2036 357 2092 et
377 2013 536 2092 Baeh'um
561 2032 600 2091 et
618 2039 755 2090 novem
773 2017 894 2090 illusas
920 2016 1099 2111 personat
1130 2019 1284 2111 publico
1310 2016 1512 2110 spectaculo
1530 2027 1675 2102 Vienne
1700 2033 1776 2108 aeta

81 2121 183 2196 Anno
199 2121 249 2194 M.
259 2114 391 2192 D.Illl.
442 2115 485 2189 In
499 2115 592 2204 fine:
626 2109 777 2188 Finiunt
794 2119 998 2210 panegyrici
1015 2118 1193 2192 decantati
1216 2117 1319 2190 Diuo
1335 2119 1582 2197 Maximiliano
1597 2129 1692 2222 Aug.
1712 2153 1777 2226 per
1811 2129 1817 2146 ‘

80 2219 292 2294 sodalitatem
313 2215 518 2300 litterariam
537 2213 789 2288 Danubianam
811 2213 1027 2298 Censoribus
1048 2215 1245 2292 Chunrado
1260 2215 1498 2312 Peutingero‚
1524 2223 1628 2318 Joan.
1644 2227 1775 2304 Foeni.

80 2317 156 2394 scca.
203 2314 414 2394 Sebastiano
434 2311 626 2404 Sperantio
649 2307 797 2407 lrnpreffi
823 2327 936 2387 autem
958 2315 1109 2406 August
1136 2315 1384 2388 Wndelicorum
1404 2307 1689 2412 ptr'Magillrum
1707 2328 1798 2411 γορ

82 2437 186 2491 mrtem
200 2419 328 2489 θῆκαν
341 2409 408 2506 sub
419 2411 601 2506 priuilegio
619 2408 736 2497 regio:
767 2427 810 2481 ne
826 2409 900 2504 quis
921 2409 1081 2488 indecem
1096 2413 1196 2488 annis
1216 2411 1277 2486 illa
1298 2408 1473 2513 imprimat
1492 2414 1531 2491 in
1547 2417 1687 2498 ordibus
1709 2425 1773 2505 im·
1868 2457 1871 2466 ’

79 2514 153 2611 perii
166 2516 215 2590 lit
229 2508 451 2688 llo-flignies.
469 2507 690 2584 urrisanana
709 2503 870 2584 taust.
897 2529 934 2602 4.
1086 2512 1090 2524 '

141 2673 144 2680 ,
231 2611 326 2692 Zap.
361 2615 530 2692 .c.p.18.

861 2719 994 2784 MDVI.

162 2851 217 2928 34.
246 2829 456 2906 Sanavrn
482 2843 739 2902 nrorcasnun
757 2801 1054 2902 uev'erenuumt
1078 2831 1115 2904 in
1133 2827 1276 2904 Chr'sto
1296 2833 1404 2929 patrls
1422 2848 1459 2907 et
1476 2834 1611 2916 domini
1627 2803 1779 2929 Henrie'i'

87 2925 232 3025 Episcopi
252 2925 486 3024 Augustensrs
503 2927 540 3000 in
562 2929 805 3001 celebratione
824 2926 965 3018 Synodi
981 2927 1135 3006 crastino
1150 2929 1186 3004 S.
1203 2962 1216 3002 t
1247 2933 1463 3026 argarethae.
1512 2941 1679 3034 auguliae
1693 2951 1775 3030 Vin.

84 3028 244 3114 ltlicorum
258 3045 324 3204 pe}
342 3025 540 3186 llirdardum
557 3021 701 3098 Ratdolt
724 3021 829 3114 1506.
847 3022 914 3122 sol.
1590 3093 1597 3100 ,

231 3127 327 3208 Zap.
363 3141 411 3186 .e.
435 3135 531 3202 ptos.
1151 3194 1154 3202 f
1651 3190 1655 3209 Ι

162 3231 217 3316 35.
243 3216 512 3296 Pllelromachia
529 3210 697 3308 Religiosr
718 3235 964 3290 rnunaurrr.
1001 3215 1109 3302 Joon.
1118 3209 1287 3316 dimisero
1301 3223 1414 3310 Angn.
1450 3223 1686 3306 aureuma.-

316 3317 351 3390 Si
378 3313 574 3406 spedlacula
607 3332 644 3385 tc
670 3318 771 3388 irruat
795 3313 920 3386 uidere
1202 3385 1226 3409 Ι,
1631 3329 1635 3338 ’
1674 3322 1680 3334 ’

250 3464 254 3479 .
320 3415 456 3488 Rerum
482 3431 557 3484 non
580 3413 717 3484 leuium
743 3407 870 3486 diserte
895 3409 1030 3486 testor:
1097 3424 1102 3444 ·
1146 3407 1148 3412 ’
1297 3441 1299 3446 v

316 3511 465 3608 Jamiam
490 3507 686 3602 relligiosus
712 3511 884 3584 indicabit

316 3611 418 3686 Haec
440 3607 681 3682 Prudentius:
718 3609 792 3684 huc
815 3609 900 3682 ades
925 3606 1111 3700 benignus.
1533 3609 1545 3632 '³
1583 3627 1589 3648 ¹

81 3697 163 3778 llaec
185 3703 221 3780 in
234 3701 356 3801 fronte
371 3707 436 3802 fol.
456 3725 486 3778 1.
504 3731 536 3778 a.
580 3705 649 3780 Fal.
668 3708 728 3780 eod
761 3703 794 3778 i.
844 3705 950 3800 Joan.
973 3702 1154 3780 foeniseca
1182 3697 1307 3796 (aliter
1323 3701 1476 3808 Madet)
1497 3665 1627 3804 sugo.
1647 3711 1772 3812 leuiori

81 3799 108 3872 S.
126 3801 160 3880 P..
183 3804 232 3878 D.
287 3803 329 3880 ln
343 3802 439 3897 fine:
474 3801 648 3896 Castigata
673 3825 739 3895 per
759 3803 866 3897 Joan.
888 3801 917 3876 F
920 3803 1118 3876 oenisecaru
1144 3797 1266 3894 Augti.
1291 3803 1432 3876 collatis
1454 3807 1595 3900 aliquot
1623 3815 1772 3891 uetustis

80 3901 328 3994 exemplaribus
357 3902 454 3976 Finis
484 3899 784 3994 Psychomachiae
809 3901 1027 3980 Prudentii:
1075 3897 1250 3998 imprqll'ac
1279 3897 1449 3994 auguliae
1460 3894 1468 3968 '.
1475 3919 1540 4002 per
1572 3909 1774 3992 lirlrordum

82 3997 198 4088 oeglin.
253 4011 347 4073 Anno
365 3999 437 4072 dni.
458 3995 511 4071 M
528 3997 577 4073 D.
593 3998 650 4070 VI.
678 4018 712 4086 4.
779 4005 780 4008 ‘
1603 4030 1607 4044 =

229 4093 330 4179 Zapf.
351 4093 372 4156 l.
388 4115 414 4157 c·
433 4112 467 4178 p.
488 4115 536 4174 25·
584 4095 711 4160 Collellio
733 4092 840 4178 nostra.

163 4191 219 4285 36.
249 4193 495 4266 l‘nrvmaotn
519 4189 744 4266 Clericorum
767 4209 804 4266 et
824 4191 997 4284 quaedam
1013 4189 1080 4264 alia
1093 4187 1193 4266 utilia
1212 4185 1272 4262 hic
1292 4189 1540 4270 continentur.
1590 4193 1774 4274 Constitu-

81 4285 125 4360 tio
141 4285 316 4364 Friderici
331 4291 571 4382 Imperatoris.
623 4287 845 4366 Constitutio
862 4291 987 4365 Karoli
1002 4291 1119 4380 quarti
1137 4291 1366 4380 Imperatoris
1390 4311 1461 4382 que
1477 4297 1687 4368 nominatur
1703 4298 1774 4370 Ka-

80 4388 194 4462 rolina.
245 4386 470 4464 Constitutio
488 4389 700 4481 sigismundi
719 4391 947 4482 Imperatoris
964 4407 1054 4481 quae
1076 4388 1285 4460 nominatur
1293 4387 1566 4492 JSr'gismupdina
1584 4397 1775 4470 continen-

80 4499 126 4556 tes
142 4488 177 4558 in
194 4485 228 4560 se
249 4487 435 4581 privilegia
456 4505 493 4560 et
508 4490 749 4562 immunitates
767 4488 991 4561 clericorum.
1043 4485 1218 4559 Bonifatii
1235 4483 1330 4578 Pape
1350 4483 1562 4564 constitutio
1585 4515 1648 4584 per
1666 4513 1772 4584 quam

81 4581 259 4660 consumat
277 4585 471 4677 supradidla
486 4583 695 4679 priuilegia:
721 4609 741 4668 a
757 4587 869 4660 tribus
885 4585 1158 4682 imperatoribus
1177 4583 1314 4656 clericis
1330 4587 1507 4662 concelsa.
1538 4589 1629 4663 Item
1648 4591 1775 4666 Hono·

1 4677 2 4688 ’
81 4679 145 4754 tius
161 4704 249 4776 papa
264 4680 562 4758 constitutionem
576 4679 746 4758 Friderici
766 4685 994 4776 Imperatoris
1016 4683 1228 4774 approbauit
1248 4695 1286 4754 ct
1303 4681 1542 4760 confirmauit.
1588 4687 1774 4784 johannes

1 4875 2 4883 ἵ
83 4793 160 4869 papa
179 4781 309 4854 XXlll.
323 4783 455 4861 eadem
472 4784 656 4879 priuilegia
678 4781 915 4872 confirmauit.
967 4781 1173 4856 Concilium
1199 4781 1434 4855 Lateranense
1453 4799 1490 4858 et
1504 4785 1690 4864 Bautrense
1717 4783 1776 4866 ea·'

1 4885 2 4896 ‘
84 4871 154 4954 dem
173 4878 356 4978 priuilegia
375 4881 593 4958 clericorum
613 4903 652 4959 et
674 4879 953 4960 constitutiones
976 4877 1241 4974 Imperatorum
1261 4881 1506 4976 approbarunt
1529 4901 1567 4962 et
1586 4885 1774 4966 confirma·

148 5019 155 5032 ·
1625 5003 1725 5068 runt.
